[gd_scene load_steps=45 format=3 uid="uid://dlyhclqpa76gu"]

[ext_resource type="PackedScene" uid="uid://21kxbfxxmsmc" path="res://scenes/player.tscn" id="1_115c4"]
[ext_resource type="PackedScene" uid="uid://ca7qksfvy03kd" path="res://scenes/intro_screen.tscn" id="1_rhtcx"]
[ext_resource type="PackedScene" uid="uid://wcxpij8rixa0" path="res://scenes/HUD.tscn" id="3_n0fus"]
[ext_resource type="Script" path="res://src/switch_controller.gd" id="3_puslc"]
[ext_resource type="PackedScene" uid="uid://byqpoc3cny58g" path="res://scenes/win_screen.tscn" id="3_tagb3"]
[ext_resource type="PackedScene" uid="uid://jllokxep86gl" path="res://scenes/wall.tscn" id="5_b8jsb"]
[ext_resource type="ArrayMesh" uid="uid://ctuxmfc5rhk50" path="res://wall/wall-32f38e4ab893961a992de559009a4864_Cube.res" id="5_qq6vk"]
[ext_resource type="Script" path="res://src/ending.gd" id="7_356nr"]
[ext_resource type="PackedScene" uid="uid://duuji1vj1k0x1" path="res://scenes/platform.tscn" id="9_yyybs"]
[ext_resource type="ArrayMesh" uid="uid://cy4nhssr1srtl" path="res://pillar/pillar-66d8701617de41dc80317a0c99697a9e_Cylinder.res" id="10_m4icj"]
[ext_resource type="ArrayMesh" uid="uid://cqfjpq5ylpusg" path="res://pillar/pillar-66d8701617de41dc80317a0c99697a9e_Cylinder002.res" id="11_h8bw0"]
[ext_resource type="Texture2D" uid="uid://cpbfu3m78hbdw" path="res://textures/color_hint.png" id="12_1wwsx"]
[ext_resource type="PackedScene" uid="uid://csptu7urd02j" path="res://switch/switch.tscn" id="12_i01uw"]
[ext_resource type="Texture2D" uid="uid://dbd47p3v1o02f" path="res://textures/door_hint.png" id="13_wc7nv"]

[sub_resource type="ProceduralSkyMaterial" id="ProceduralSkyMaterial_r8apk"]

[sub_resource type="Sky" id="Sky_rw5gm"]
sky_material = SubResource("ProceduralSkyMaterial_r8apk")

[sub_resource type="Environment" id="Environment_g2uov"]
background_mode = 2
sky = SubResource("Sky_rw5gm")
ambient_light_source = 3
ambient_light_color = Color(0.478431, 0.478431, 0.478431, 1)
ambient_light_sky_contribution = 0.23
reflected_light_source = 2
tonemap_mode = 3
tonemap_white = 2.0
ssr_enabled = true
ssao_enabled = true
ssil_enabled = true
sdfgi_use_occlusion = true
sdfgi_cascades = 8
sdfgi_max_distance = 3276.8
glow_enabled = true
volumetric_fog_enabled = true
volumetric_fog_density = 0.0125
volumetric_fog_temporal_reprojection_enabled = false

[sub_resource type="Animation" id="Animation_uo2lg"]
length = 0.001
tracks/0/type = "value"
tracks/0/imported = false
tracks/0/enabled = true
tracks/0/path = NodePath("Door:position")
tracks/0/interp = 1
tracks/0/loop_wrap = true
tracks/0/keys = {
"times": PackedFloat32Array(0),
"transitions": PackedFloat32Array(1),
"update": 0,
"values": [Vector3(0, 1.5, -7.75)]
}
tracks/1/type = "value"
tracks/1/imported = false
tracks/1/enabled = true
tracks/1/path = NodePath("win_screen:modulate")
tracks/1/interp = 1
tracks/1/loop_wrap = true
tracks/1/keys = {
"times": PackedFloat32Array(0),
"transitions": PackedFloat32Array(1),
"update": 0,
"values": [Color(1, 1, 1, 0)]
}
tracks/2/type = "bezier"
tracks/2/imported = false
tracks/2/enabled = true
tracks/2/path = NodePath("Platforms/MovingPlatform:position:y")
tracks/2/interp = 1
tracks/2/loop_wrap = true
tracks/2/keys = {
"handle_modes": PackedInt32Array(0),
"points": PackedFloat32Array(6.14758, -0.25, 0, 0.25, 0),
"times": PackedFloat32Array(0)
}
tracks/3/type = "value"
tracks/3/imported = false
tracks/3/enabled = true
tracks/3/path = NodePath("Platforms/MovingPlatform:position")
tracks/3/interp = 1
tracks/3/loop_wrap = true
tracks/3/keys = {
"times": PackedFloat32Array(0),
"transitions": PackedFloat32Array(1),
"update": 0,
"values": [Vector3(-1.55415, 3.14808, 1.77137)]
}

[sub_resource type="Animation" id="Animation_jpuis"]
resource_name = "ending_animation"
length = 3.0
tracks/0/type = "value"
tracks/0/imported = false
tracks/0/enabled = true
tracks/0/path = NodePath("win_screen:modulate")
tracks/0/interp = 1
tracks/0/loop_wrap = true
tracks/0/keys = {
"times": PackedFloat32Array(0, 3),
"transitions": PackedFloat32Array(1, 1),
"update": 0,
"values": [Color(1, 1, 1, 0), Color(1, 1, 1, 1)]
}

[sub_resource type="Animation" id="Animation_rl5fk"]
resource_name = "intro_animation"

[sub_resource type="Animation" id="Animation_wgoof"]
resource_name = "platform"
length = 10.0
loop_mode = 1
tracks/0/type = "value"
tracks/0/imported = false
tracks/0/enabled = true
tracks/0/path = NodePath("Platforms/MovingPlatform:position")
tracks/0/interp = 2
tracks/0/loop_wrap = true
tracks/0/keys = {
"times": PackedFloat32Array(0, 5),
"transitions": PackedFloat32Array(1, 1),
"update": 0,
"values": [Vector3(-1.55415, 3.14808, 1.77137), Vector3(-1.55415, 6.14708, 1.77137)]
}

[sub_resource type="Animation" id="Animation_8woup"]
resource_name = "puzzle_solved_anim"
length = 4.0
tracks/0/type = "value"
tracks/0/imported = false
tracks/0/enabled = true
tracks/0/path = NodePath("Door:position")
tracks/0/interp = 2
tracks/0/loop_wrap = true
tracks/0/keys = {
"times": PackedFloat32Array(0, 4),
"transitions": PackedFloat32Array(1, 1),
"update": 0,
"values": [Vector3(0, 1.5, -7.79008), Vector3(0, -1.14903, -7.79008)]
}

[sub_resource type="AnimationLibrary" id="AnimationLibrary_kbqnf"]
_data = {
"RESET": SubResource("Animation_uo2lg"),
"ending_animation": SubResource("Animation_jpuis"),
"intro_animation": SubResource("Animation_rl5fk"),
"platform": SubResource("Animation_wgoof"),
"puzzle_solved_anim": SubResource("Animation_8woup")
}

[sub_resource type="FogMaterial" id="FogMaterial_4copv"]
density = 0.2205

[sub_resource type="BoxShape3D" id="BoxShape3D_x700h"]
size = Vector3(5.5, 3.5, 2)

[sub_resource type="Gradient" id="Gradient_4npal"]
offsets = PackedFloat32Array(0, 0.487805, 1)
colors = PackedColorArray(1, 1, 1, 0, 1, 1, 1, 1, 1, 1, 1, 0)

[sub_resource type="GradientTexture1D" id="GradientTexture1D_a5hrk"]
gradient = SubResource("Gradient_4npal")

[sub_resource type="Curve" id="Curve_y31u6"]
_data = [Vector2(0, 0.0613497), 0.0, 0.0, 0, 0, Vector2(0.25187, 1), 0.0, 0.0, 0, 0, Vector2(0.743142, 1), 0.0, 0.0, 0, 0, Vector2(1, 0.0613497), 0.0, 0.0, 0, 0]
point_count = 4

[sub_resource type="CurveTexture" id="CurveTexture_qm0k4"]
curve = SubResource("Curve_y31u6")

[sub_resource type="ParticleProcessMaterial" id="ParticleProcessMaterial_qnqsh"]
emission_shape = 3
emission_box_extents = Vector3(8, 7, 10)
spread = 180.0
gravity = Vector3(0, 0, 0)
initial_velocity_min = 0.1
initial_velocity_max = 0.2
scale_min = 0.1
scale_max = 0.2
scale_curve = SubResource("CurveTexture_qm0k4")
color_ramp = SubResource("GradientTexture1D_a5hrk")
attractor_interaction_enabled = false

[sub_resource type="StandardMaterial3D" id="StandardMaterial3D_4smg0"]
transparency = 1
vertex_color_use_as_albedo = true
emission = Color(1, 1, 1, 1)
emission_energy_multiplier = 2.0
billboard_mode = 3
particles_anim_h_frames = 1
particles_anim_v_frames = 1
particles_anim_loop = false
proximity_fade_enabled = true

[sub_resource type="PlaneMesh" id="PlaneMesh_lji48"]
material = SubResource("StandardMaterial3D_4smg0")
size = Vector2(0.05, 0.05)
orientation = 2

[sub_resource type="StandardMaterial3D" id="StandardMaterial3D_fgpwo"]
transparency = 1
vertex_color_use_as_albedo = true
emission_enabled = true
emission = Color(1, 0, 0, 1)
emission_energy_multiplier = 16.0
billboard_mode = 1

[sub_resource type="Gradient" id="Gradient_yymeg"]
offsets = PackedFloat32Array(0, 0.753343, 1)
colors = PackedColorArray(1, 0, 0, 1, 0.858824, 0.65098, 0, 1, 0.819608, 0.819608, 0, 0)

[sub_resource type="GradientTexture1D" id="GradientTexture1D_6sorj"]
gradient = SubResource("Gradient_yymeg")

[sub_resource type="ParticleProcessMaterial" id="ParticleProcessMaterial_yvyjy"]
lifetime_randomness = 0.2
direction = Vector3(0, -1, 0)
spread = 25.0
gravity = Vector3(0, 0, 0)
initial_velocity_min = 3.0
initial_velocity_max = 10.0
color_ramp = SubResource("GradientTexture1D_6sorj")

[sub_resource type="PlaneMesh" id="PlaneMesh_lnoi5"]
size = Vector2(0.025, 0.025)
orientation = 2

[sub_resource type="BoxShape3D" id="BoxShape3D_xf5yq"]
size = Vector3(1.70352, 7.23316, 1.85201)

[sub_resource type="BoxShape3D" id="BoxShape3D_jjrke"]
size = Vector3(1.70352, 9.92135, 1.85201)

[sub_resource type="BoxShape3D" id="BoxShape3D_yowti"]
size = Vector3(1.70352, 10.2707, 1.85201)

[sub_resource type="BoxShape3D" id="BoxShape3D_qfjjg"]
size = Vector3(1.70352, 18.1174, 1.85201)

[sub_resource type="BoxShape3D" id="BoxShape3D_417ml"]
size = Vector3(1.70352, 26.6454, 1.85201)

[sub_resource type="BoxShape3D" id="BoxShape3D_ax6mv"]
size = Vector3(1.70352, 2.05247, 1.85201)

[sub_resource type="StandardMaterial3D" id="StandardMaterial3D_08npj"]

[node name="Node3D" type="WorldEnvironment"]
environment = SubResource("Environment_g2uov")

[node name="HUD" parent="." instance=ExtResource("3_n0fus")]

[node name="intro_screen" parent="." instance=ExtResource("1_rhtcx")]

[node name="win_screen" parent="." instance=ExtResource("3_tagb3")]
modulate = Color(1, 1, 1, 0)

[node name="player" parent="." instance=ExtResource("1_115c4")]
transform = Transform3D(1, 0, 0, 0, 1, 0, 0, 0, 1, 0, 1.75, 0)
jump_height_multiplier = 9.0
sprint_multiplier = 2.0
gravity_multiplier = 30.0
floor_acceleration = 3.0

[node name="Door" type="CSGBox3D" parent="."]
transform = Transform3D(1, 0, 0, 0, 1, 0, 0, 0, 1, 0, 1.5, -7.75)
size = Vector3(4, 3, 0.0365264)

[node name="Floor" parent="." instance=ExtResource("5_b8jsb")]
transform = Transform3D(5.25125e-15, 2.74836, -1.20134e-07, 1.20134e-07, -1.20134e-07, -2.74836, -2.74836, 2.07523e-20, -1.20134e-07, -0.96259, 0.0149316, -0.00916576)

[node name="Walls" type="Node3D" parent="."]

[node name="Wall" parent="Walls" instance=ExtResource("5_b8jsb")]
transform = Transform3D(-4.37114e-08, 0, 1, 0, 1, 0, -1, 0, -4.37114e-08, -8.0264, 4.49596, 0.00490141)

[node name="Wall11" parent="Walls" instance=ExtResource("5_b8jsb")]
transform = Transform3D(-4.37114e-08, 0, 1, 0, 1, 0, -1, 0, -4.37114e-08, -8.0264, 14.496, -0.744015)

[node name="Wall22" parent="Walls" instance=ExtResource("5_b8jsb")]
transform = Transform3D(-4.37114e-08, 0, 1, 0, 1, 0, -1, 0, -4.37114e-08, -8.0264, 14.496, -20.744)

[node name="Wall14" parent="Walls" instance=ExtResource("5_b8jsb")]
transform = Transform3D(-4.37114e-08, 0, 1, 0, 1, 0, -1, 0, -4.37114e-08, -8.0264, 24.496, -0.744015)

[node name="Wall15" parent="Walls" instance=ExtResource("5_b8jsb")]
transform = Transform3D(-4.37114e-08, 0, 1, 0, 1, 0, -1, 0, -4.37114e-08, -8.0264, 34.496, -0.744015)

[node name="Wall20" parent="Walls" instance=ExtResource("5_b8jsb")]
transform = Transform3D(-4.37114e-08, 0, 1, 0, 1, 0, -1, 0, -4.37114e-08, -8.0264, 34.496, -20.744)

[node name="Wall21" parent="Walls" instance=ExtResource("5_b8jsb")]
transform = Transform3D(-4.37114e-08, 0, 1, 0, 1, 0, -1, 0, -4.37114e-08, -8.0264, 24.496, -20.744)

[node name="Wall12" parent="Walls" instance=ExtResource("5_b8jsb")]
transform = Transform3D(-4.37114e-08, 0, 1, 0, 1, 0, -1, 0, -4.37114e-08, 7.847, 14.465, -0.743917)

[node name="Wall23" parent="Walls" instance=ExtResource("5_b8jsb")]
transform = Transform3D(-4.37114e-08, 0, 1, 0, 1, 0, -1, 0, -4.37114e-08, 7.847, 14.465, -20.7439)

[node name="Wall16" parent="Walls" instance=ExtResource("5_b8jsb")]
transform = Transform3D(-4.37114e-08, 0, 1, 0, 1, 0, -1, 0, -4.37114e-08, 7.847, 24.465, -0.743917)

[node name="Wall17" parent="Walls" instance=ExtResource("5_b8jsb")]
transform = Transform3D(-4.37114e-08, 0, 1, 0, 1, 0, -1, 0, -4.37114e-08, 7.847, 34.465, -0.743917)

[node name="Wall18" parent="Walls" instance=ExtResource("5_b8jsb")]
transform = Transform3D(-4.37114e-08, 0, 1, 0, 1, 0, -1, 0, -4.37114e-08, 7.847, 34.465, -20.7439)

[node name="Wall19" parent="Walls" instance=ExtResource("5_b8jsb")]
transform = Transform3D(-4.37114e-08, 0, 1, 0, 1, 0, -1, 0, -4.37114e-08, 7.847, 24.465, -20.7439)

[node name="Wall2" parent="Walls" instance=ExtResource("5_b8jsb")]
transform = Transform3D(-4.37102e-08, -0.00734777, 0.999973, -3.21181e-10, 0.999973, 0.00734777, -1, 0, -4.37114e-08, 7.88423, 4.46691, -0.0117068)

[node name="Wall3" parent="Walls" instance=ExtResource("5_b8jsb")]
transform = Transform3D(-1, 0, -1.50996e-07, 0, 1, 0, 1.50996e-07, 0, -1, -0.0432968, 4.49596, 7.75495)

[node name="Wall13" parent="Walls" instance=ExtResource("5_b8jsb")]
transform = Transform3D(-1, 0, -1.50996e-07, 0, 1, 0, 1.50996e-07, 0, -1, -0.0432968, 14.496, 7.75495)

[node name="Wall4" parent="Walls" instance=ExtResource("5_b8jsb")]
transform = Transform3D(-0.793611, 0, -1.19832e-07, 0, 0.793611, 0, 1.19832e-07, 0, -0.793611, -0.0520325, 6.95784, -7.84746)

[node name="Wall5" parent="Walls" instance=ExtResource("5_b8jsb")]
transform = Transform3D(-0.361987, 0, -5.46586e-08, 0, 0.361987, 0, 5.46586e-08, 0, -0.361987, 5.61656, 1.38152, -7.78837)

[node name="Wall6" parent="Walls" instance=ExtResource("5_b8jsb")]
transform = Transform3D(-0.361987, 0, -5.46586e-08, 0, 0.361987, 0, 5.46586e-08, 0, -0.361987, -5.61382, 1.38152, -7.78837)

[node name="Wall7" parent="Walls" instance=ExtResource("5_b8jsb")]
transform = Transform3D(7.04815e-08, 0, -0.361987, 0, 0.361987, 0, 0.361987, 0, 7.04815e-08, -2.32822, 1.38152, -11.5199)

[node name="Wall10" parent="Walls" instance=ExtResource("5_b8jsb")]
transform = Transform3D(-4.16647e-15, 0.489543, 2.13986e-08, -9.53176e-08, -2.13986e-08, 0.489543, 0.489543, 0, 9.53176e-08, -0.0195348, 3.24611, -12.6529)

[node name="Wall8" parent="Walls" instance=ExtResource("5_b8jsb")]
transform = Transform3D(7.04815e-08, 0, -0.361987, 0, 0.361987, 0, 0.361987, 0, 7.04815e-08, 2.38618, 1.38152, -11.5199)

[node name="Wall9" parent="Walls" instance=ExtResource("5_b8jsb")]
transform = Transform3D(0.361987, 0, 8.63045e-08, 0, 0.361987, 0, -8.63045e-08, 0, 0.361987, 0.0998182, 1.38152, -14.915)

[node name="Lights" type="Node" parent="."]

[node name="YourWinnerLight" type="OmniLight3D" parent="Lights"]
transform = Transform3D(1, 0, 0, 0, 1, 0, 0, 0, 1, 0, 1.75, -14.7715)
light_energy = 5.757
shadow_enabled = true
shadow_bias = 0.01
omni_range = 7.4

[node name="Red" type="OmniLight3D" parent="Lights"]
transform = Transform3D(1, 0, 0, 0, 1, 0, 0, 0, 1, -1.51638, 4.31493, 7.30074)
light_color = Color(1, 0, 0, 1)
light_energy = 0.5
shadow_enabled = true
shadow_bias = 0.01

[node name="Green" type="OmniLight3D" parent="Lights"]
transform = Transform3D(1, 0, 0, 0, 1, 0, 0, 0, 1, 0.453001, 7.09763, -2.81177)
light_color = Color(0, 0, 1, 1)
light_energy = 0.5
shadow_enabled = true
shadow_bias = 0.01

[node name="Blue" type="OmniLight3D" parent="Lights"]
transform = Transform3D(1, 0, 0, 0, 1, 0, 0, 0, 1, 4.61614, 6.97066, -7.34321)
light_color = Color(0, 1, 0, 1)
light_energy = 0.5
shadow_enabled = true
shadow_bias = 0.01

[node name="DirectionalLight3D" type="DirectionalLight3D" parent="Lights"]
transform = Transform3D(1, 0, 0, 0, -0.304016, 0.952667, 0, -0.952667, -0.304016, 0.0172358, 19.684, 0.150623)
shadow_enabled = true
directional_shadow_blend_splits = true

[node name="SwitchController" type="Node" parent="." node_paths=PackedStringArray("animation_player")]
script = ExtResource("3_puslc")
switch_nodes = [NodePath("Switch1"), NodePath("Switch2"), NodePath("Switch3")]
animation_player = NodePath("../AnimationPlayer")

[node name="Switch1" parent="SwitchController" instance=ExtResource("12_i01uw")]
transform = Transform3D(-1, 0, -8.9407e-08, 0, 1, 0, 8.9407e-08, 0, -1, -1.52136, 4.60164, 7.61441)

[node name="Switch2" parent="SwitchController" instance=ExtResource("12_i01uw")]
transform = Transform3D(1, 0, 0, 0, 1, 0, 0, 0, 1, 0.459139, 7.2931, -3.20108)

[node name="Switch3" parent="SwitchController" instance=ExtResource("12_i01uw")]
transform = Transform3D(1, 0, 0, 0, 1, 0, 0, 0, 1, 4.64491, 7.39565, -7.73706)

[node name="AnimationPlayer" type="AnimationPlayer" parent="."]
autoplay = "platform"
libraries = {
"": SubResource("AnimationLibrary_kbqnf")
}

[node name="FogVolume" type="FogVolume" parent="."]
transform = Transform3D(1, 0, 0, 0, 1, 0, 0, 0, 1, 0, 1.5, -11.5073)
size = Vector3(4.5, 3, 7.00463)
material = SubResource("FogMaterial_4copv")

[node name="WinArea" type="Area3D" parent="." node_paths=PackedStringArray("animation_player")]
transform = Transform3D(1, 0, 0, 0, 1, 0, 0, 0, 1, 0, 1.5, -12.25)
script = ExtResource("7_356nr")
animation_player = NodePath("../AnimationPlayer")

[node name="CollisionShape3D" type="CollisionShape3D" parent="WinArea"]
shape = SubResource("BoxShape3D_x700h")

[node name="GPUParticles3D" type="GPUParticles3D" parent="."]
transform = Transform3D(1, 0, 0, 0, 1, 0, 0, 0, 1, -0.014185, 7.53403, -0.0063293)
cast_shadow = 0
amount = 16384
lifetime = 5.0
visibility_aabb = AABB(-8.08681, -7.46567, -7.91412, 16.1736, 14.9313, 15.8281)
trail_lifetime = 5.0
process_material = SubResource("ParticleProcessMaterial_qnqsh")
draw_pass_1 = SubResource("PlaneMesh_lji48")

[node name="Platforms" type="Node" parent="."]

[node name="Platform" parent="Platforms" instance=ExtResource("9_yyybs")]
transform = Transform3D(0.2, 0, 0, 0, 0.2, 0, 0, 0, 0.2, 4.78186, 1.16104, 0.723432)

[node name="MovingPlatform" parent="Platforms" instance=ExtResource("9_yyybs")]
transform = Transform3D(0.2, 0, 0, 0, 0.2, 0, 0, 0, 0.2, -1.55415, 6.14758, 1.77137)

[node name="MeshInstance3D11" type="MeshInstance3D" parent="Platforms/MovingPlatform"]
transform = Transform3D(1, 0, 0, 0, 1, 0, 0, 0, 1, 0, -0.169498, 0)
mesh = ExtResource("11_h8bw0")

[node name="GPUParticles3D" type="GPUParticles3D" parent="Platforms/MovingPlatform"]
transform = Transform3D(1, 0, 0, 0, 1, 0, 0, 0, 1, 0, -0.960576, 0)
material_override = SubResource("StandardMaterial3D_fgpwo")
cast_shadow = 0
amount = 256
lifetime = 0.5
process_material = SubResource("ParticleProcessMaterial_yvyjy")
draw_pass_1 = SubResource("PlaneMesh_lnoi5")

[node name="Platform2" parent="Platforms" instance=ExtResource("9_yyybs")]
transform = Transform3D(0.2, 0, 0, 0, 0.2, 0, 0, 0, 0.2, 4.79279, 2.1383, 3.77464)

[node name="Platform3" parent="Platforms" instance=ExtResource("9_yyybs")]
transform = Transform3D(0.2, 0, 0, 0, 0.2, 0, 0, 0, 0.2, 1.79279, 3.1525, 3.77464)

[node name="Platform5" parent="Platforms" instance=ExtResource("9_yyybs")]
transform = Transform3D(0.2, 0, 0, 0, 0.2, 0, 0, 0, 0.2, -1.55156, 3.1525, 3.77464)

[node name="Platform19" parent="Platforms" instance=ExtResource("9_yyybs")]
transform = Transform3D(0.2, 0, 0, 0, 0.2, 0, 0, 0, 0.2, 0.448438, 6.1525, 1.77464)

[node name="Platform20" parent="Platforms" instance=ExtResource("9_yyybs")]
transform = Transform3D(0.2, 0, 0, 0, 0.2, 0, 0, 0, 0.2, 0.448438, 6.1525, -0.22536)

[node name="Platform21" parent="Platforms" instance=ExtResource("9_yyybs")]
transform = Transform3D(0.2, 0, 0, 0, 0.2, 0, 0, 0, 0.2, 0.448438, 6.1525, -2.22536)

[node name="Platform22" parent="Platforms" instance=ExtResource("9_yyybs")]
transform = Transform3D(0.2, 0, 0, 0, -8.74228e-09, 0.2, 0, -0.2, -8.74228e-09, 0.448438, 7.1525, -3.22536)

[node name="Platform10" parent="Platforms" instance=ExtResource("9_yyybs")]
transform = Transform3D(0.2, 0, 0, 0, 0.2, 0, 0, 0, 0.2, -8.46133, 5.11355, 1.82391)

[node name="Platform11" parent="Platforms" instance=ExtResource("9_yyybs")]
transform = Transform3D(0.2, 0, 0, 0, 0.2, 0, 0, 0, 0.2, -8.46133, 5.11355, -0.17609)

[node name="Platform12" parent="Platforms" instance=ExtResource("9_yyybs")]
transform = Transform3D(0.2, 0, 0, 0, 0.2, 0, 0, 0, 0.2, -8.46133, 5.11355, -2.17609)

[node name="Platform13" parent="Platforms" instance=ExtResource("9_yyybs")]
transform = Transform3D(0.2, 0, 0, 0, 0.2, 0, 0, 0, 0.2, -8.46133, 5.11355, -4.17609)

[node name="Platform14" parent="Platforms" instance=ExtResource("9_yyybs")]
transform = Transform3D(-8.74228e-09, 0, 0.2, 0, 0.2, 0, -0.2, 0, -8.74228e-09, -1.4485, 5.11355, -8.20557)

[node name="Platform18" parent="Platforms" instance=ExtResource("9_yyybs")]
transform = Transform3D(-8.74228e-09, 0, 0.2, 0, 0.2, 0, -0.2, 0, -8.74228e-09, 0.551499, 5.11355, -8.20557)

[node name="Platform15" parent="Platforms" instance=ExtResource("9_yyybs")]
transform = Transform3D(-8.74228e-09, 0, 0.2, 0, 0.2, 0, -0.2, 0, -8.74228e-09, -3.4485, 5.11355, -8.20557)

[node name="Platform16" parent="Platforms" instance=ExtResource("9_yyybs")]
transform = Transform3D(-8.74228e-09, 0, 0.2, 0, 0.2, 0, -0.2, 0, -8.74228e-09, -5.4485, 5.11355, -8.20557)

[node name="Platform17" parent="Platforms" instance=ExtResource("9_yyybs")]
transform = Transform3D(-8.74228e-09, 0, 0.2, 0, 0.2, 0, -0.2, 0, -8.74228e-09, -7.4485, 5.11355, -8.20557)

[node name="Platform8" parent="Platforms" instance=ExtResource("9_yyybs")]
transform = Transform3D(0.173205, 0.1, 0, -0.1, 0.173205, 0, 0, 0, 0.2, -3.42178, 3.65717, 3.77464)

[node name="Platform9" parent="Platforms" instance=ExtResource("9_yyybs")]
transform = Transform3D(0.173205, 0.1, 0, -0.1, 0.173205, 0, 0, 0, 0.2, -5.15383, 4.65717, 3.77464)

[node name="Platform6" parent="Platforms" instance=ExtResource("9_yyybs")]
transform = Transform3D(0.2, 0, 0, 0, 0.2, 0, 0, 0, 0.2, -1.55156, 3.1525, 5.77464)

[node name="Platform7" parent="Platforms" instance=ExtResource("9_yyybs")]
transform = Transform3D(0.2, 0, 0, 0, 0.2, 0, 0, 0, 0.2, -1.55156, 3.1525, 7.77464)

[node name="Platform4" parent="Platforms" instance=ExtResource("9_yyybs")]
transform = Transform3D(0.2, 0, 0, 0, 0.2, 0, 0, 0, 0.2, 4.58984, 5.94835, -6.61973)

[node name="Pillars" type="Node" parent="."]

[node name="Pillar2" type="StaticBody3D" parent="Pillars"]
transform = Transform3D(0.308363, 0, 0, 0, 0.308363, 0, 0, 0, 0.308363, 4.81328, 1.50382, 3.79852)

[node name="MeshInstance3D" type="MeshInstance3D" parent="Pillars/Pillar2"]
mesh = ExtResource("10_m4icj")

[node name="MeshInstance3D3" type="MeshInstance3D" parent="Pillars/Pillar2"]
transform = Transform3D(1, 0, 0, 0, 1, 0, 0, 0, 1, 0, -1.9796, 0)
mesh = ExtResource("10_m4icj")

[node name="MeshInstance3D4" type="MeshInstance3D" parent="Pillars/Pillar2"]
transform = Transform3D(1, 0, 0, 0, 1, 0, 0, 0, 1, -0.00277138, -3.97616, -0.00418568)
mesh = ExtResource("10_m4icj")

[node name="CollisionShape3D" type="CollisionShape3D" parent="Pillars/Pillar2"]
transform = Transform3D(1, 0, 0, 0, 1, 0, 0, 0, 1, 0, -1.62672, 0)
shape = SubResource("BoxShape3D_xf5yq")

[node name="MeshInstance3D2" type="MeshInstance3D" parent="Pillars/Pillar2"]
transform = Transform3D(1, 0, 0, 0, 1, 0, 0, 0, 1, 0, 1.9881, 0)
mesh = ExtResource("11_h8bw0")

[node name="Pillar3" type="StaticBody3D" parent="Pillars"]
transform = Transform3D(0.308363, 0, 0, 0, 0.308363, 0, 0, 0, 0.308363, 1.78522, 2.50239, 3.77976)

[node name="MeshInstance3D" type="MeshInstance3D" parent="Pillars/Pillar3"]
mesh = ExtResource("10_m4icj")

[node name="MeshInstance3D3" type="MeshInstance3D" parent="Pillars/Pillar3"]
transform = Transform3D(1, 0, 0, 0, 1, 0, 0, 0, 1, 0, -1.9796, 0)
mesh = ExtResource("10_m4icj")

[node name="MeshInstance3D4" type="MeshInstance3D" parent="Pillars/Pillar3"]
transform = Transform3D(1, 0, 0, 0, 1, 0, 0, 0, 1, -0.00277138, -3.97616, -0.00418568)
mesh = ExtResource("10_m4icj")

[node name="MeshInstance3D5" type="MeshInstance3D" parent="Pillars/Pillar3"]
transform = Transform3D(1, 0, 0, 0, 1, 0, 0, 0, 1, -0.00277138, -5.97269, -0.00418568)
mesh = ExtResource("10_m4icj")

[node name="MeshInstance3D6" type="MeshInstance3D" parent="Pillars/Pillar3"]
transform = Transform3D(1, 0, 0, 0, 1, 0, 0, 0, 1, -0.00277138, -7.95772, -0.00418568)
mesh = ExtResource("10_m4icj")

[node name="CollisionShape3D" type="CollisionShape3D" parent="Pillars/Pillar3"]
transform = Transform3D(1, 0, 0, 0, 1, 0, 0, 0, 1, 0, -2.88338, 0)
shape = SubResource("BoxShape3D_jjrke")

[node name="MeshInstance3D2" type="MeshInstance3D" parent="Pillars/Pillar3"]
transform = Transform3D(1, 0, 0, 0, 1, 0, 0, 0, 1, 0, 1.9881, 0)
mesh = ExtResource("11_h8bw0")

[node name="Pillar4" type="StaticBody3D" parent="Pillars"]
transform = Transform3D(0.308363, 0, 0, 0, 0.308363, 0, 0, 0, 0.308363, -1.54317, 2.50239, 3.77976)

[node name="MeshInstance3D" type="MeshInstance3D" parent="Pillars/Pillar4"]
mesh = ExtResource("10_m4icj")

[node name="MeshInstance3D3" type="MeshInstance3D" parent="Pillars/Pillar4"]
transform = Transform3D(1, 0, 0, 0, 1, 0, 0, 0, 1, 0, -1.9796, 0)
mesh = ExtResource("10_m4icj")

[node name="MeshInstance3D4" type="MeshInstance3D" parent="Pillars/Pillar4"]
transform = Transform3D(1, 0, 0, 0, 1, 0, 0, 0, 1, -0.00277138, -3.97616, -0.00418568)
mesh = ExtResource("10_m4icj")

[node name="MeshInstance3D5" type="MeshInstance3D" parent="Pillars/Pillar4"]
transform = Transform3D(1, 0, 0, 0, 1, 0, 0, 0, 1, -0.00277138, -5.97269, -0.00418568)
mesh = ExtResource("10_m4icj")

[node name="MeshInstance3D6" type="MeshInstance3D" parent="Pillars/Pillar4"]
transform = Transform3D(1, 0, 0, 0, 1, 0, 0, 0, 1, -0.00277138, -7.95772, -0.00418568)
mesh = ExtResource("10_m4icj")

[node name="CollisionShape3D" type="CollisionShape3D" parent="Pillars/Pillar4"]
transform = Transform3D(1, 0, 0, 0, 1, 0, 0, 0, 1, 0, -3.06888, 0)
shape = SubResource("BoxShape3D_yowti")

[node name="MeshInstance3D2" type="MeshInstance3D" parent="Pillars/Pillar4"]
transform = Transform3D(1, 0, 0, 0, 1, 0, 0, 0, 1, 0, 1.9881, 0)
mesh = ExtResource("11_h8bw0")

[node name="Pillar5" type="StaticBody3D" parent="Pillars"]
transform = Transform3D(0.308363, 0, 0, 0, 0.308363, 0, 0, 0, 0.308363, 4.59679, 5.29854, -6.6553)

[node name="MeshInstance3D" type="MeshInstance3D" parent="Pillars/Pillar5"]
mesh = ExtResource("10_m4icj")

[node name="MeshInstance3D3" type="MeshInstance3D" parent="Pillars/Pillar5"]
transform = Transform3D(1, 0, 0, 0, 1, 0, 0, 0, 1, 0, -1.9796, 0)
mesh = ExtResource("10_m4icj")

[node name="MeshInstance3D4" type="MeshInstance3D" parent="Pillars/Pillar5"]
transform = Transform3D(1, 0, 0, 0, 1, 0, 0, 0, 1, -0.00277138, -3.97616, -0.00418568)
mesh = ExtResource("10_m4icj")

[node name="MeshInstance3D5" type="MeshInstance3D" parent="Pillars/Pillar5"]
transform = Transform3D(1, 0, 0, 0, 1, 0, 0, 0, 1, -0.00277138, -5.97269, -0.00418568)
mesh = ExtResource("10_m4icj")

[node name="MeshInstance3D6" type="MeshInstance3D" parent="Pillars/Pillar5"]
transform = Transform3D(1, 0, 0, 0, 1, 0, 0, 0, 1, -0.00277138, -7.95772, -0.00418568)
mesh = ExtResource("10_m4icj")

[node name="MeshInstance3D7" type="MeshInstance3D" parent="Pillars/Pillar5"]
transform = Transform3D(1, 0, 0, 0, 1, 0, 0, 0, 1, -0.00277138, -9.94737, -0.00418663)
mesh = ExtResource("10_m4icj")

[node name="MeshInstance3D8" type="MeshInstance3D" parent="Pillars/Pillar5"]
transform = Transform3D(1, 0, 0, 0, 1, 0, 0, 0, 1, -0.00277138, -11.9126, -0.00418663)
mesh = ExtResource("10_m4icj")

[node name="MeshInstance3D9" type="MeshInstance3D" parent="Pillars/Pillar5"]
transform = Transform3D(1, 0, 0, 0, 1, 0, 0, 0, 1, -0.00277138, -13.8535, -0.00418663)
mesh = ExtResource("10_m4icj")

[node name="MeshInstance3D10" type="MeshInstance3D" parent="Pillars/Pillar5"]
transform = Transform3D(1, 0, 0, 0, 1, 0, 0, 0, 1, -0.00277138, -15.8553, -0.00418663)
mesh = ExtResource("10_m4icj")

[node name="CollisionShape3D" type="CollisionShape3D" parent="Pillars/Pillar5"]
transform = Transform3D(1, 0, 0, 0, 1, 0, 0, 0, 1, 0, -7.0048, 0)
shape = SubResource("BoxShape3D_qfjjg")

[node name="MeshInstance3D2" type="MeshInstance3D" parent="Pillars/Pillar5"]
transform = Transform3D(1, 0, 0, 0, 1, 0, 0, 0, 1, 0, 1.9881, 0)
mesh = ExtResource("11_h8bw0")

[node name="Pillar6" type="StaticBody3D" parent="Pillars"]
transform = Transform3D(0.308363, 0, 0, 0, 0.308363, 0, 0, 0, 0.308363, 0.450159, 5.51306, -2.22333)

[node name="MeshInstance3D" type="MeshInstance3D" parent="Pillars/Pillar6"]
mesh = ExtResource("10_m4icj")

[node name="MeshInstance3D3" type="MeshInstance3D" parent="Pillars/Pillar6"]
transform = Transform3D(1, 0, 0, 0, 1, 0, 0, 0, 1, 0, -1.9796, 0)
mesh = ExtResource("10_m4icj")

[node name="MeshInstance3D4" type="MeshInstance3D" parent="Pillars/Pillar6"]
transform = Transform3D(1, 0, 0, 0, 1, 0, 0, 0, 1, -0.00277138, -3.97616, -0.00418568)
mesh = ExtResource("10_m4icj")

[node name="MeshInstance3D5" type="MeshInstance3D" parent="Pillars/Pillar6"]
transform = Transform3D(1, 0, 0, 0, 1, 0, 0, 0, 1, -0.00277138, -5.97269, -0.00418568)
mesh = ExtResource("10_m4icj")

[node name="MeshInstance3D6" type="MeshInstance3D" parent="Pillars/Pillar6"]
transform = Transform3D(1, 0, 0, 0, 1, 0, 0, 0, 1, -0.00277138, -7.95772, -0.00418568)
mesh = ExtResource("10_m4icj")

[node name="MeshInstance3D7" type="MeshInstance3D" parent="Pillars/Pillar6"]
transform = Transform3D(1, 0, 0, 0, 1, 0, 0, 0, 1, -0.00277138, -9.94737, -0.00418663)
mesh = ExtResource("10_m4icj")

[node name="MeshInstance3D8" type="MeshInstance3D" parent="Pillars/Pillar6"]
transform = Transform3D(1, 0, 0, 0, 1, 0, 0, 0, 1, -0.00277138, -11.9126, -0.00418663)
mesh = ExtResource("10_m4icj")

[node name="MeshInstance3D9" type="MeshInstance3D" parent="Pillars/Pillar6"]
transform = Transform3D(1, 0, 0, 0, 1, 0, 0, 0, 1, -0.00277138, -13.8535, -0.00418663)
mesh = ExtResource("10_m4icj")

[node name="MeshInstance3D10" type="MeshInstance3D" parent="Pillars/Pillar6"]
transform = Transform3D(1, 0, 0, 0, 1, 0, 0, 0, 1, -0.00277138, -15.8553, -0.00418663)
mesh = ExtResource("10_m4icj")

[node name="CollisionShape3D" type="CollisionShape3D" parent="Pillars/Pillar6"]
transform = Transform3D(1, 0, 0, 0, 1, 0, 0, 0, 1, 0, -11.3281, 0)
shape = SubResource("BoxShape3D_417ml")

[node name="MeshInstance3D2" type="MeshInstance3D" parent="Pillars/Pillar6"]
transform = Transform3D(1, 0, 0, 0, 1, 0, 0, 0, 1, 0, 1.9881, 0)
mesh = ExtResource("11_h8bw0")

[node name="MeshInstance3D11" type="MeshInstance3D" parent="Pillars/Pillar6"]
transform = Transform3D(1, 0, 0, 0, 1, 0, 0, 0, 1, 0, 1.9881, 0)
mesh = ExtResource("11_h8bw0")

[node name="Pillar" type="StaticBody3D" parent="Pillars"]
transform = Transform3D(0.308363, 0, 0, 0, 0.308363, 0, 0, 0, 0.308363, 4.81328, 0.5116, 0.666716)

[node name="MeshInstance3D" type="MeshInstance3D" parent="Pillars/Pillar"]
mesh = ExtResource("10_m4icj")

[node name="CollisionShape3D" type="CollisionShape3D" parent="Pillars/Pillar"]
shape = SubResource("BoxShape3D_ax6mv")

[node name="MeshInstance3D2" type="MeshInstance3D" parent="Pillars/Pillar"]
transform = Transform3D(1, 0, 0, 0, 1, 0, 0, 0, 1, 0, 1.9881, 0)
mesh = ExtResource("11_h8bw0")

[node name="PuzzleHint" type="Decal" parent="."]
transform = Transform3D(1, 0, 0, 0, -4.37114e-08, -1, 0, 1, -4.37114e-08, 2.64152, 1.72395, -7.61119)
size = Vector3(1, 1, 1)
texture_albedo = ExtResource("12_1wwsx")
albedo_mix = 0.95

[node name="WayHint" type="Decal" parent="."]
transform = Transform3D(-1.31743, -5.75865e-08, 5.75868e-08, 5.75865e-08, -1.31743, 1.15173e-07, 5.75868e-08, 1.15173e-07, 1.31743, 0.00248849, 0.0149316, -5.43631)
texture_albedo = ExtResource("13_wc7nv")
albedo_mix = 0.96

[node name="DesignElements" type="Node" parent="."]

[node name="MeshInstance3D2" type="MeshInstance3D" parent="DesignElements"]
transform = Transform3D(1, 0, 0, 0, 0.941717, 0.0757645, 0, -0.336405, 0.212092, 0, 24.202, 6.12272)
mesh = ExtResource("5_qq6vk")
skeleton = NodePath("../..")
surface_material_override/0 = SubResource("StandardMaterial3D_08npj")

[node name="MeshInstance3D3" type="MeshInstance3D" parent="DesignElements"]
transform = Transform3D(1, 0, 0, 0, 0.941717, 0.0757645, 0, -0.336405, 0.212092, 0, 24.202, 4.12272)
mesh = ExtResource("5_qq6vk")
skeleton = NodePath("../..")
surface_material_override/0 = SubResource("StandardMaterial3D_08npj")

[node name="MeshInstance3D4" type="MeshInstance3D" parent="DesignElements"]
transform = Transform3D(1, 0, 0, 0, 0.941717, 0.0757645, 0, -0.336405, 0.212092, 0, 24.202, 2.12272)
mesh = ExtResource("5_qq6vk")
skeleton = NodePath("../..")
surface_material_override/0 = SubResource("StandardMaterial3D_08npj")

[node name="MeshInstance3D5" type="MeshInstance3D" parent="DesignElements"]
transform = Transform3D(1, 0, 0, 0, 0.941717, 0.0757645, 0, -0.336405, 0.212092, 0, 24.202, 0.122724)
mesh = ExtResource("5_qq6vk")
skeleton = NodePath("../..")
surface_material_override/0 = SubResource("StandardMaterial3D_08npj")

[node name="MeshInstance3D6" type="MeshInstance3D" parent="DesignElements"]
transform = Transform3D(1, 0, 0, 0, 0.941717, 0.0757645, 0, -0.336405, 0.212092, 0, 24.202, -1.87728)
mesh = ExtResource("5_qq6vk")
skeleton = NodePath("../..")
surface_material_override/0 = SubResource("StandardMaterial3D_08npj")

[node name="MeshInstance3D7" type="MeshInstance3D" parent="DesignElements"]
transform = Transform3D(1, 0, 0, 0, 0.941717, 0.0757645, 0, -0.336405, 0.212092, 0, 24.202, -3.87728)
mesh = ExtResource("5_qq6vk")
skeleton = NodePath("../..")
surface_material_override/0 = SubResource("StandardMaterial3D_08npj")

[node name="MeshInstance3D8" type="MeshInstance3D" parent="DesignElements"]
transform = Transform3D(1, 0, 0, 0, 0.941717, 0.0757645, 0, -0.336405, 0.212092, 0, 24.202, -5.87728)
mesh = ExtResource("5_qq6vk")
skeleton = NodePath("../..")
surface_material_override/0 = SubResource("StandardMaterial3D_08npj")

[node name="MeshInstance3D9" type="MeshInstance3D" parent="DesignElements"]
transform = Transform3D(1, 0, 0, 0, 0.941717, 0.0757645, 0, -0.336405, 0.212092, 0, 24.202, -7.87728)
mesh = ExtResource("5_qq6vk")
skeleton = NodePath("../..")
surface_material_override/0 = SubResource("StandardMaterial3D_08npj")

[node name="MeshInstance3D10" type="MeshInstance3D" parent="DesignElements"]
transform = Transform3D(1, 0, 0, 0, 0.941717, 0.0757645, 0, -0.336405, 0.212092, 0, 24.202, -9.87728)
mesh = ExtResource("5_qq6vk")
skeleton = NodePath("../..")
surface_material_override/0 = SubResource("StandardMaterial3D_08npj")

[node name="MeshInstance3D11" type="MeshInstance3D" parent="DesignElements"]
transform = Transform3D(1, 0, 0, 0, 0.941717, 0.0757645, 0, -0.336405, 0.212092, 0, 24.202, -11.8773)
mesh = ExtResource("5_qq6vk")
skeleton = NodePath("../..")
surface_material_override/0 = SubResource("StandardMaterial3D_08npj")

[node name="MeshInstance3D12" type="MeshInstance3D" parent="DesignElements"]
transform = Transform3D(1, 0, 0, 0, 0.941717, 0.0757645, 0, -0.336405, 0.212092, 0, 24.202, -13.8773)
mesh = ExtResource("5_qq6vk")
skeleton = NodePath("../..")
surface_material_override/0 = SubResource("StandardMaterial3D_08npj")

[node name="MeshInstance3D18" type="MeshInstance3D" parent="DesignElements"]
transform = Transform3D(1, 0, 0, 0, 0.941717, 0.0757645, 0, -0.336405, 0.212092, 0, 14.7848, -10.5132)
mesh = ExtResource("5_qq6vk")
skeleton = NodePath("../..")
surface_material_override/0 = SubResource("StandardMaterial3D_08npj")

[node name="MeshInstance3D13" type="MeshInstance3D" parent="DesignElements"]
transform = Transform3D(1, 0, 0, 0, 0.941717, 0.0757645, 0, -0.336405, 0.212092, 0, 24.202, -15.8773)
mesh = ExtResource("5_qq6vk")
skeleton = NodePath("../..")
surface_material_override/0 = SubResource("StandardMaterial3D_08npj")

[node name="MeshInstance3D14" type="MeshInstance3D" parent="DesignElements"]
transform = Transform3D(1, 0, 0, 0, 0.941717, 0.0757645, 0, -0.336405, 0.212092, 0, 24.202, -17.8773)
mesh = ExtResource("5_qq6vk")
skeleton = NodePath("../..")
surface_material_override/0 = SubResource("StandardMaterial3D_08npj")

[node name="MeshInstance3D15" type="MeshInstance3D" parent="DesignElements"]
transform = Transform3D(1, 0, 0, 0, 0.941717, 0.0757645, 0, -0.336405, 0.212092, 0, 24.202, -19.8773)
mesh = ExtResource("5_qq6vk")
skeleton = NodePath("../..")
surface_material_override/0 = SubResource("StandardMaterial3D_08npj")

[node name="MeshInstance3D16" type="MeshInstance3D" parent="DesignElements"]
transform = Transform3D(1, 0, 0, 0, 0.941717, 0.0757645, 0, -0.336405, 0.212092, 0, 24.202, -21.8773)
mesh = ExtResource("5_qq6vk")
skeleton = NodePath("../..")
surface_material_override/0 = SubResource("StandardMaterial3D_08npj")

[node name="MeshInstance3D17" type="MeshInstance3D" parent="DesignElements"]
transform = Transform3D(1, 0, 0, 0, 0.941717, 0.0757645, 0, -0.336405, 0.212092, 0, 24.202, -23.8773)
mesh = ExtResource("5_qq6vk")
skeleton = NodePath("../..")
surface_material_override/0 = SubResource("StandardMaterial3D_08npj")
